<?xml version="1.0" encoding="UTF-8" ?>
<collection xmlns:xsi="http://www.w3.org/2001/XMLSchema-instance"
    xsi:schemaLocation="http://www.loc.gov/MARC21/slim
        http://www.loc.gov/standards/marcxml/schema/MARC21slim.xsd"
    xmlns="http://www.loc.gov/MARC21/slim">
<record>
  <leader>00227cam a2200421 i 4500</leader>
  <controlfield tag="001">b12657748</controlfield>
  <controlfield tag="003">LeBAU</controlfield>
  <controlfield tag="005">20140812</controlfield>
  <controlfield tag="008">970916s1907    le ac         000 0 ara d</controlfield>
  <datafield tag="035" ind1=" " ind2=" ">
    <subfield code="a">ocn784452229</subfield>
  </datafield>
  <datafield tag="040" ind1=" " ind2=" ">
    <subfield code="a">LEAUB</subfield>
    <subfield code="b">ara</subfield>
    <subfield code="e">rda</subfield>
    <subfield code="c">LEAUB</subfield>
    <subfield code="d">LEAUB</subfield>
  </datafield>
  <datafield tag="041" ind1="0" ind2=" ">
    <subfield code="a">ara</subfield>
    <subfield code="a">eng</subfield>
  </datafield>
  <datafield tag="082" ind1="0" ind2="4">
    <subfield code="a">922.5</subfield>
    <subfield code="2">20</subfield>
  </datafield>
  <datafield tag="245" ind1="0" ind2="0">
    <subfield code="6">880-01</subfield>
    <subfield code="a">Mithāl al-muqtadá fī ḥayāt al-‘āmil al-amīn al-Qass Wilyam Kingh Adī /</subfield>
    <subfield code="c">i‘tanat bi-jam‘ihi al-Lajnah al-Markazīyah Fī Ṣaydā wa-ja‘alathu taqdimah li-usrat al-faqīd al-karīmah.</subfield>
  </datafield>
  <datafield tag="264" ind1=" " ind2="1">
    <subfield code="6">880-02</subfield>
    <subfield code="a">Bayrūt :</subfield>
    <subfield code="b">al-Maṭba‘ah al-Adabīyah,</subfield>
    <subfield code="c">1907.</subfield>
  </datafield>
  <datafield tag="300" ind1=" " ind2=" ">
    <subfield code="6">880-03</subfield>
    <subfield code="a">134 pages, 1 unnumbered leaf of plates :</subfield>
    <subfield code="b">illustrations, portrait ;</subfield>
    <subfield code="c">18 cm</subfield>
  </datafield>
  <datafield tag="336" ind1=" " ind2=" ">
    <subfield code="a">text</subfield>
    <subfield code="b">txt</subfield>
    <subfield code="2">rdacontent</subfield>
  </datafield>
  <datafield tag="337" ind1=" " ind2=" ">
    <subfield code="a">unmediated</subfield>
    <subfield code="b">n</subfield>
    <subfield code="2">rdamedia</subfield>
  </datafield>
  <datafield tag="338" ind1=" " ind2=" ">
    <subfield code="a">volume</subfield>
    <subfield code="b">nc</subfield>
    <subfield code="2">rdacarrier</subfield>
  </datafield>
  <datafield tag="500" ind1=" " ind2=" ">
    <subfield code="a">عنوان موازي: In Loving Memory of Rev. W. K. Eddy</subfield>
  </datafield>
  <datafield tag="500" ind1=" " ind2=" ">
    <subfield code="a">وهو يتضمن تاريخ حياته وتفصيل أنباء وفاته ودفنه وما قيل فيه نثراً ونظماً.</subfield>
  </datafield>
  <datafield tag="546" ind1=" " ind2=" ">
    <subfield code="a">بالعربية؛ مع بعض النصوص بالإنجليزية.</subfield>
  </datafield>
  <datafield tag="600" ind1="1" ind2="4">
    <subfield code="a">إدي، وليم كنغ،</subfield>
    <subfield code="d">1854-1906.</subfield>
  </datafield>
  <datafield tag="600" ind1="1" ind2="0">
    <subfield code="a">Eddy, William King,</subfield>
    <subfield code="d">1854-1906.</subfield>
  </datafield>
  <datafield tag="650" ind1=" " ind2="4">
    <subfield code="a">المرسلون</subfield>
    <subfield code="z">لبنان.</subfield>
  </datafield>
  <datafield tag="650" ind1=" " ind2="0">
    <subfield code="a">Missionaries</subfield>
    <subfield code="z">Lebanon.</subfield>
  </datafield>
  <datafield tag="710" ind1="2" ind2=" ">
    <subfield code="6">880-04</subfield>
    <subfield code="a">Lajnah al-Markazīyah fī Ṣaydā’,</subfield>
    <subfield code="e">collector.</subfield>
  </datafield>
  <datafield tag="852" ind1=" " ind2=" ">
    <subfield code="a">Jafet Library</subfield>
    <subfield code="e">American University of Beirut, Bliss Street , Beirut, Lebanon.</subfield>
  </datafield>
  <datafield tag="852" ind1=" " ind2=" ">
    <subfield code="a">Jafet Archives and Special Collections</subfield>
    <subfield code="e">American University of Beirut, Bliss Street , Beirut, Lebanon.</subfield>
  </datafield>
  <datafield tag="880" ind1="0" ind2="0">
    <subfield code="6">245-01/(3/r</subfield>
    <subfield code="a">مثال المقتدى في حياة العامل الأمين القس وليم كنغ ادي /</subfield>
    <subfield code="c">إعتنت بجمعه اللجنة المركزية في صيدا وجعلته تقدمة لأسرة الفقيد الكريمة.</subfield>
  </datafield>
  <datafield tag="880" ind1=" " ind2="1">
    <subfield code="6">264-02/(3/r</subfield>
    <subfield code="a">بيروت :</subfield>
    <subfield code="b">المطبعة الأدبية،</subfield>
    <subfield code="c">1907.</subfield>
  </datafield>
  <datafield tag="880" ind1=" " ind2=" ">
    <subfield code="6">300-03/(3/r</subfield>
    <subfield code="a">134 صفحة، 1 ورقة لوحات غير مرقمة :</subfield>
    <subfield code="b">مصورات، صورة شخصانية ؛</subfield>
    <subfield code="c">18 سم</subfield>
  </datafield>
  <datafield tag="880" ind1="2" ind2=" ">
    <subfield code="6">710-04/(3/r</subfield>
    <subfield code="a">اللجنة المركزية في صيداء،</subfield>
    <subfield code="e">جامع. </subfield>
    <subfield code="4">col.</subfield>
  </datafield>
  <datafield tag="907" ind1=" " ind2=" ">
    <subfield code="a">.b12657748</subfield>
    <subfield code="b">16-02-12</subfield>
    <subfield code="c">11-05-24</subfield>
  </datafield>
  <datafield tag="907" ind1=" " ind2=" ">
    <subfield code="a">.b12657748</subfield>
    <subfield code="b">15-10-15</subfield>
    <subfield code="c">11-05-24</subfield>
  </datafield>
  <datafield tag="945" ind1=" " ind2=" ">
    <subfield code="f">CA</subfield>
    <subfield code="a">922.5:E21LA:c.1</subfield>
    <subfield code="g">1</subfield>
    <subfield code="i">01066006</subfield>
    <subfield code="j">.i13189177</subfield>
    <subfield code="l">u0304</subfield>
  </datafield>
  <datafield tag="945" ind1=" " ind2=" ">
    <subfield code="f">J</subfield>
    <subfield code="a">922.5:E21LA:c.1</subfield>
    <subfield code="g">1</subfield>
    <subfield code="i">01049514</subfield>
    <subfield code="j">.i13189165</subfield>
    <subfield code="l">u0503</subfield>
  </datafield>
  <datafield tag="998" ind1=" " ind2=" ">
    <subfield code="a">u03</subfield>
    <subfield code="a">u05</subfield>
    <subfield code="b">97-09-16</subfield>
    <subfield code="c">m</subfield>
    <subfield code="d">a</subfield>
    <subfield code="e">-</subfield>
    <subfield code="f">ara</subfield>
    <subfield code="g">le </subfield>
    <subfield code="h">0</subfield>
    <subfield code="i">2</subfield>
  </datafield>
</record>
</collection>
